<?xml version="1.0" encoding="UTF-8"?><collection xmlns="http://www.loc.gov/MARC21/slim"><record><leader>00518nam--2200193-i-4500</leader><controlfield tag="001">000012719</controlfield><controlfield tag="002">20161230</controlfield><controlfield tag="005">20161230201029</controlfield><controlfield tag="008">060222s1000------------r-----000-0-rum-d</controlfield><datafield ind1=" " ind2=" " tag="040"><subfield code="a">IFIN-HH</subfield></datafield><datafield ind1=" " ind2=" " tag="041"><subfield code="a">rum</subfield></datafield><datafield ind1=" " ind2=" " tag="080"><subfield code="a">531(075.8)</subfield></datafield><datafield ind1="1" ind2=" " tag="100"><subfield code="a">Ripianu, Andrei</subfield></datafield><datafield ind1="1" ind2="0" tag="245"><subfield code="a">Mecanica tehnica. pentru subingineri</subfield><subfield code="c">Andrei Ripianu, Paul Popescu, Barbu Balan</subfield></datafield><datafield ind1=" " ind2=" " tag="260"><subfield code="a">Bucuresti, Ed.Didact.Si Pedagog., 1979</subfield></datafield><datafield ind1=" " ind2=" " tag="300"><subfield code="a">446P</subfield></datafield><datafield ind1="1" ind2=" " tag="700"><subfield code="a">Balan, Barbu</subfield></datafield><datafield ind1=" " ind2=" " tag="852"><subfield code="a">46207</subfield><subfield code="c">531</subfield></datafield><datafield ind1=" " ind2=" " tag="CAT"><subfield code="a">Sys</subfield><subfield code="c">20100630</subfield><subfield code="h">093035</subfield></datafield></record></collection>